@book{Kernighan1979,
  author = {Brian W. Kernighan and P. J. Plauger},
  title = {The Elements of Programming Style},
  publisher = {McGraw-Hill},
  year = {1979},
  isbn = {978-0070342071},
}

@book{Kernighan1981,
  author = {Brian W. Kernighan and P. J. Plauger},
  title = {Software Tools in Pascal},
  publisher = {Addison-Wesley Professional},
  year = {1981},
  isbn = {978-0201103427},
}

@book{Kernighan1983,
  author = {Brian W. Kernighan and Rob Pike},
  title = {The Unix Programming Environment},
  publisher = {Prentice-Hall},
  year = {1983},
  isbn = {978-0139376818},
}

@book{Kernighan1988,
  author = {Brian W. Kernighan and Dennis M. Ritchie},
  title = {The C Programming Language},
  publisher = {Prentice-Hall},
  year = {1988},
  isbn = {978-0131103627},
}

@book{Udell1999,
  author = {Jon Udell},
  title = {Practical Internet Groupware},
  publisher = {O'Reilly Media},
  year = {1999},
  isbn = {978-1565925373}
}

@book{Wilson2019,
  author = {Greg Wilson},
  title = {Teaching Tech Together},
  publisher = {Chapman \& Hall/CRC Press},
  year = {2019},
  isbn = {978-0367352974},
  link = {http://teachtogether.tech},
  note = {How to create and deliver lessons that work and build a teaching community around them.}
}
